@Manual{R-base,
  title = {R: A Language and Environment for Statistical Computing},
  author = {{R Core Team}},
  organization = {R Foundation for Statistical Computing},
  address = {Vienna, Austria},
  year = {2018},
  url = {https://www.R-project.org/}
}

@Manual{vegan,
    title = {vegan: Community Ecology Package},
    author = {Jari Oksanen and F. Guillaume Blanchet and Michael Friendly and
    Roeland Kindt and Pierre Legendre and Dan McGlinn and Peter R. Minchin and
    R. B. O'Hara and Gavin L. Simpson and Peter Solymos and M. Henry H. Stevens
    and Eduard Szoecs and Helene Wagner},
    year = {2018},
    note = {R package version 2.5-2},
    url = {https://CRAN.R-project.org/package=vegan}
  }

@Manual{PC-ORD,
    title = "PC-ORD. Multivariate Analysis of Ecological Data. Version 7.",
    author = "Bruce McCune and M. J. Mefford",
    organization = "MjM Software Design",
    address = "Gleneden Beach, Oregon, U.S.A.",
    year = "2016"
}

@book{McCune2002,
  title={Analysis of ecological communities},
  author={McCune, Bruce and Grace, James B and Urban, Dean L},
  volume={28},
  year={2002},
  publisher={MjM software design Gleneden Beach, OR}
}

@article{Kaylor2017FS,
    author = {Kaylor, Matthew J. and Warren, Dana R. and Kiffney, Peter M.},
    title = {Long-term effects of riparian forest harvest on light in Pacific Northwest ({USA}) streams},
    journal = {Freshwater Science},
    volume = {36},
    number = {1},
    pages = {1-13},
    year = {2017}
}

@article{Wilzbach1986,
    author = {Wilzbach, Margaret A. and Cummins, Kenneth W. and Hall, James D.},
    title = {Influence of Habitat Manipulations on Interactions Between Cutthroat Trout and Invertebrate Drift},
    journal = {Ecology},
    year = {1986},
    volume = {67},
    number = {4},
    pages = {898-911}
}

@article{McCutchan2002,
  author = {McCutchan, James H. Jr. and Lewis, William M. Jr.},
  title = {Relative importance of carbon sources for macroinvertebrates in a Rocky Mountain stream},
  journal = {Limnology and Oceanography},
  volume = {47},
  number = {3},
  pages = {742-752},
  year = {2002}
}

@article{Lau2009,
  author = {Lau, Danny C. P. and Leung, Kenneth M. Y. and Dudgeon, David},
  title = {What does stable isotope analysis reveal about trophic relationships and the relative importance of allochthonous and autochthonous resources in tropical streams? A synthetic study from Hong Kong},
  journal = {Freshwater Biology},
  volume = {54},
  number = {1},
  pages = {127-141},
  year = {2009}
}

@article{Musetta2019,
  title = {Influence of wildfire and harvesting on aquatic and terrestrial invertebrate drift patterns in boreal headwater streams},
  author = {Musetta-Lambert, Jordan and Kreutzweiser, David and Sibley, Paul},
  journal = {Hydrobiologia},
  pages = {1-19},
  publisher = {Springer},
  year = {2019}
}

@article{Vannote1980,
  title={The river continuum concept},
  author={Vannote, Robin L and Minshall, G Wayne and Cummins, Kenneth W and Sedell, James R and Cushing, Colbert E},
  journal={Canadian journal of fisheries and aquatic sciences},
  volume={37},
  number={1},
  pages={130--137},
  year={1980},
  publisher={NRC Research Press}
}

@article{Bilby1992,
  title={Allochthonous versus autochthonous organic matter contributions to the trophic support of fish populations in clear-cut and old-growth forested streams},
  author={Bilby, Robert E and Bisson, Peter A},
  journal={Canadian journal of fisheries and aquatic sciences},
  volume={49},
  number={3},
  pages={540--551},
  year={1992},
  publisher={NRC Research Press}
}

@article{Hyslop1980,
  title={Stomach contents analysisâ€”a review of methods and their application},
  author={Hyslop, EJ},
  journal={Journal of fish biology},
  volume={17},
  number={4},
  pages={411--429},
  year={1980},
  publisher={Wiley Online Library}
}

@article{Macarelli2011,
  title={Quantity and quality: unifying food web and ecosystem perspectives on the role of resource subsidies in freshwater},
  author={Macarelli, AM and others},
  journal={Ecology},
  volume={92},
  pages={1215--1225},
  year={2011}
}

@article{Kreutzweiser2012,
  title={Introduction and a theoretical basis for using disturbance by forest management activities to sustain aquatic ecosystems},
  author={Kreutzweiser, David P and Sibley, Paul K and Richardson, John S and Gordon, Andrew M},
  journal={Freshwater Science},
  volume={31},
  number={1},
  pages={224--231},
  year={2012},
  publisher={The University of Chicago Press}
}

@article{Kaylor2017Eco,
  title={Linking riparian shade and the legacies of forest management to fish and vertebrate biomass in forested streams},
  author={Kaylor, Matthew J and Warren, Dana R},
  journal={Ecosphere},
  volume={8},
  number={6},
  pages={e01845},
  year={2017},
  publisher={Wiley Online Library}
}

@article{Bechtold2012,
  title={A practical method for measuring integrated solar radiation reaching streambeds using photodegrading dyes},
  author={Bechtold, Heather A and Rosi-Marshall, Emma J and Warren, Dana R and Cole, Jonathan J},
  journal={Freshwater Science},
  volume={31},
  number={4},
  pages={1070--1077},
  year={2012},
  publisher={The University of Chicago Press}
}

@article{kruskal1964,
  title={Multidimensional scaling by optimizing goodness of fit to a nonmetric hypothesis},
  author={Kruskal, Joseph B},
  journal={Psychometrika},
  volume={29},
  number={1},
  pages={1--27},
  year={1964},
  publisher={Springer}
}

@article{Jacobs1974,
  title={Quantitative measurement of food selection},
  author={Jacobs, J{\"u}rgen},
  journal={Oecologia},
  volume={14},
  number={4},
  pages={413--417},
  year={1974},
  publisher={Springer}
}
